@techreport{diplomaPremk,
Title  = {Algoritmi za izračun razdalje med časovnimi vrstami z dinamičnim prilagajanjem časa},
Author = {Premk, Leon},
institution = {Fakulteta za računalništvo in informatiko, Univerza v Ljubljani},
Year        = {2020},
type        = {Diplomska naloga}
}

@inproceedings{documentsimilarity,
title = {Identifying document similarity using a fast estimation of the Levenshtein Distance based on compression and signatures},
author ={Peter Coates and Frank Breitinger},
year = {2022},
doi = {10.48550/arXiv.2307.11496}
}

@inproceedings{weightedLevenshtein,
  author={Lionel Fontan and Isabelle Ferrané and Jérôme Farinas and Julien Pinquier and Xavier Aumont},
  title={{Using Phonologically Weighted Levenshtein Distances for the Prediction of Microscopic Intelligibility}},
  year=2016,
  booktitle={Proc. Interspeech 2016},
  pages={650--654},
  doi={10.21437/Interspeech.2016-431},
  issn={2958-1796}
}

@online{compilerFlag,
title={Using the GNU Compiler Collection (GCC)},
author={GNU},
url = {https://gcc.gnu.org/onlinedocs/gcc-4.6.4/gcc/},
urldate = {2024-07-16}
}

@book{LCSpracticalUse,
  title={Introduction to Algorithms},
  author={Thomas H Cormen and Charles E Leiserson and Ronald L Rivest and Clifford Stein},
  year={2022},
  publisher={The MIT Press}
}
